@inproceedings{huang2013gaminganywhere,
  title={GamingAnywhere: An open cloud gaming system},
  author={Huang, Chun-Ying and Hsu, Cheng-Hsin and Chang, Yu-Chun and Chen, Kuan-Ta},
  booktitle={Proceedings of the 4th ACM multimedia systems conference},
  pages={36--47},
  year={2013},
  organization={ACM}
}

@inproceedings{gamingmarket,
   title={Why video games succeed where the movie and music industries fail},
  author = {Kamenetz, Anya},
  url = {http://www.fastcompany.com/3021008/why-video-games-succeed-where-the-movie-and-music-industries-fail}
}

@misc{cggrowth,
  author = "{Cloud Gaming Report 2012}",
  title={Distribution and monetization strategies to increase revenues from cloud gaming},
  howpublished = "\url{http://www.cgconfusa.com/report/documents/Content-5minCloudGamingReportHighlights.pdf}",
  year={2012}
}

@inproceedings{Onlive,
  author = {OnLive},
  url = "\url{https://www.onlive.com}",
  year = {2014}
}

@inproceedings{Gaikai,
  author = {Gaikai},
  url = "\url{https://www.gaikai.com}",
  year = {2014}
}

@inproceedings{SMG,
  author = {StreamMyGame},
  url = "\url{http://www.streammygame.com}",
  year = {2014}
}

@inproceedings{chen2011measuring,
  title={Measuring the latency of cloud gaming systems},
  author={Chen, Kuan-Ta and Chang, Yu-Chun and Tseng, Po-Han and Huang, Chun-Ying and Lei, Chin-Laung},
  booktitle={Proceedings of the 19th ACM international conference on Multimedia},
  pages={1269--1272},
  year={2011},
  organization={ACM}
}

@article{rizzo1997dummynet,
  title={Dummynet: a simple approach to the evaluation of network protocols},
  author={Rizzo, Luigi},
  journal={ACM SIGCOMM Computer Communication Review},
  volume={27},
  number={1},
  pages={31--41},
  year={1997},
  publisher={ACM}
}

@inproceedings{clincy2013subjective,
  title={Subjective Evaluation of Latency and Packet Loss in a Cloud-Based Game},
  author={Clincy, Victor and Wilgor, Brandon},
  booktitle={2013 Tenth International Conference onInformation Technology: New Generations (ITNG)},
  pages={473--476},
  year={2013},
  organization={IEEE}
}

@misc{bellard2006ffmpeg,
  title={FFmpeg Multimedia System, 2006},
  author={Bellard, Fabrice},
  year={2006}
}

@inproceedings{jarschel2011evaluation,
  title={An evaluation of QoE in cloud gaming based on subjective tests},
  author={Jarschel, Michael and Schlosser, Daniel and Scheuring, Sven and Ho{\ss}feld, Tobias},
  booktitle={, 2011 Fifth International Conference on Innovative Mobile and Internet Services in Ubiquitous Computing (IMIS)},
  pages={330--335},
  year={2011},
  organization={IEEE}
}

@inproceedings{eisert2008low,
  title={Low delay streaming of computer graphics},
  author={Eisert, Peter and Fechteler, Philipp},
  booktitle={15th IEEE International Conference on Image Processing, 2008. ICIP 2008.},
  pages={2704--2707},
  year={2008},
  organization={IEEE}
}

@inproceedings{nave2008games,
  title={Games@ Large graphics streaming architecture},
  author={Nave, Itay and David, Haggai and Shani, Alex and Tzruya, Y and Laikari, A and Eisert, P and Fechteler, P},
  booktitle={IEEE International Symposium onConsumer Electronics, 2008. ISCE 2008.},
  pages={1--4},
  year={2008},
  organization={IEEE}
}

@inproceedings{shi2011using,
  title={Using graphics rendering contexts to enhance the real-time video coding for mobile cloud gaming},
  author={Shi, Shu and Hsu, Cheng-Hsin and Nahrstedt, Klara and Campbell, Roy},
  booktitle={Proceedings of the 19th ACM international conference on Multimedia},
  pages={103--112},
  year={2011},
  organization={ACM}
}
